@article{example1,
  author = {Author, A.},
  title = {Title of the First Example Article},
  journal = {Journal Name},
  year = {2023},
  volume = {1},
  number = {1},
  pages = {1--10},
}

@book{example2,
  author = {Author, B.},
  title = {Title of the Example Book},
  publisher = {Publisher Name},
  year = {2022},
}

@inproceedings{example3,
  author = {Author, C.},
  title = {Title of the Example Conference Paper},
  booktitle = {Proceedings of the Example Conference},
  year = {2021},
  pages = {100--110},
}